@misc{enwiki:1101002187,
  author = "{Wikipedia contributors}",
  title = "Trigonometric functions --- {Wikipedia}{,} The Free Encyclopedia",
  year = "2022",
  howpublished = "\url{https://en.wikipedia.org/w/index.php?title=Trigonometric_functions&oldid=1101002187}",
  note = "[Online; accessed 4-August-2022]"
}

@book{1998ieee,
  title={IEEE Std 1362-1998: IEEE Guide for Information Technology - System Definition - Concept of Operations (ConOps) Document},
  url={https://books.google.ca/books?id=Y3RCzAEACAAJ},
  year={1998},
  publisher={IEEE.}
}

@ARTICLE{8559686,
author={},  journal={ISO/IEC/IEEE 29148:2018(E)},   title={ISO/IEC/IEEE International Standard - Systems and software engineering -- Life cycle processes -- Requirements engineering},   year={2018},  volume={},  number={},  pages={1-104},  doi={10.1109/IEEESTD.2018.8559686}}